@inproceedings{bolme_mosse,
author = {Bolme, David and Beveridge, J. and Draper, Bruce and Lui, Yui},
year = {2010},
month = {06},
pages = {2544-2550},
title = {Visual object tracking using adaptive correlation filters},
journal = {Proceedings of the IEEE Computer Society Conference on Computer Vision and Pattern Recognition},
doi = {10.1109/CVPR.2010.5539960}
}